@article{Fourey2003,
  author    = {S{\'e}bastien Fourey and R{\'e}my Malgouyres},
  title     = {A concise characterization of 3D simple points},
  journal   = {Discrete Applied Mathematics},
  volume    = {125},
  number    = {1},
  pages     = {59--80},
  year      = {2003},
  publisher = {Elsevier},
  doi       = {10.1016/S0166-218X(02)00224-X},
  url       = {https://www.sciencedirect.com/science/article/pii/S0166218X0200224X}
}
